<?xml version="1.0" encoding="UTF-8"?><collection xmlns="http://www.loc.gov/MARC21/slim"><record><leader>00701nam--2200169-i-4500</leader><controlfield tag="001">000046410</controlfield><controlfield tag="002">20161230</controlfield><controlfield tag="005">20170110232722</controlfield><controlfield tag="008">060222s1000------------r-----000-0-eng-d</controlfield><datafield ind1=" " ind2=" " tag="040"><subfield code="a">IFIN-HH</subfield></datafield><datafield ind1=" " ind2=" " tag="080"><subfield code="a">539.12.04:591.15:621.039.8(042.3)</subfield></datafield><datafield ind1="1" ind2=" " tag="100"><subfield code="a">Joshi, A. B</subfield></datafield><datafield ind1="1" ind2="0" tag="245"><subfield code="a">Use of radiations and radioisotopes in studies of animal production</subfield><subfield code="b">Proceedings of a symposium held at Iondian Veterinary Research Institute Izatnagar December 16-18, 1975 organised by Food and Agriculture Committee, Department of Atomic Energy, Government of India</subfield><subfield code="c">A.B. Joshi (chairman)</subfield></datafield><datafield ind1=" " ind2=" " tag="260"><subfield code="a">New Delhi, India</subfield><subfield code="b">Insdoc</subfield><subfield code="c">1975</subfield></datafield><datafield ind1=" " ind2=" " tag="300"><subfield code="a">XVI+447 p</subfield></datafield><datafield ind1=" " ind2=" " tag="852"><subfield code="a">43903</subfield><subfield code="c">539.12.04</subfield></datafield><datafield ind1=" " ind2=" " tag="CAT"><subfield code="a">SYS</subfield><subfield code="c">20170110</subfield><subfield code="h">232722</subfield></datafield></record></collection>